<?xml version="1.0" encoding="UTF-8"?><collection xmlns="http://www.loc.gov/MARC21/slim"><record><leader>00409nam--2200133-i-4500</leader><controlfield tag="001">000036994</controlfield><controlfield tag="002">20161230</controlfield><controlfield tag="005">20161230201041</controlfield><controlfield tag="008">060222s1000------------r-----000-0-eng-d</controlfield><datafield ind1=" " ind2=" " tag="080"><subfield code="a">530.145.6</subfield></datafield><datafield ind1=" " ind2=" " tag="100"><subfield code="a">Prince, William C.And Seymour,Chissick S</subfield></datafield><datafield ind1=" " ind2=" " tag="245"><subfield code="a">The uncertainty principle and foudations of quantum mechanics. a fifty year`s survey</subfield></datafield><datafield ind1=" " ind2=" " tag="260"><subfield code="a">London, John Wiiey &amp; Sons, 1977, 572p</subfield></datafield><datafield ind1=" " ind2=" " tag="852"><subfield code="a">45136</subfield></datafield></record></collection>